@article{1,
	title={Selected Issues of Cyber Security Practices in CBRNeCy Critical Infrastructure},
	author={Stanislav Abaimov and Maurizio Martellini },
	pages={31},
	year={2017},
}


@article{2,
    author = "John R. Vacca",
    title = "Computer and Information Security Handbook",
    year = "2009",
}